<record><leader>00000cas a2200000 a 4500</leader><controlfield tag="001">11508621</controlfield><controlfield tag="008">841219d18601881nyucr ne      0   a0eng c</controlfield><datafield ind1=" " ind2=" " tag="010"><subfield code="a">sn 84045535 </subfield></datafield><datafield ind1=" " ind2=" " tag="040"><subfield code="a">NPI</subfield><subfield code="b">eng</subfield><subfield code="c">NPI</subfield><subfield code="d">NPX</subfield><subfield code="d">DLC</subfield><subfield code="d">NYG</subfield><subfield code="d">YOX</subfield><subfield code="d">KNP</subfield><subfield code="d">MGN</subfield><subfield code="d">NYS</subfield><subfield code="d">MGN</subfield><subfield code="d">NVK</subfield><subfield code="d">OCL</subfield><subfield code="d">CVF</subfield><subfield code="d">KRTAS</subfield><subfield code="d">OCLCQ</subfield><subfield code="d">NVF</subfield><subfield code="d">OCLCF</subfield><subfield code="d">OCLCO</subfield></datafield><datafield ind1="1" ind2=" " tag="029"><subfield code="a">AU@</subfield><subfield code="b">000025832662</subfield></datafield><datafield ind1=" " ind2=" " tag="042"><subfield code="a">pcc</subfield></datafield><datafield ind1=" " ind2=" " tag="043"><subfield code="a">n-us-ny</subfield></datafield><datafield ind1="0" ind2="0" tag="050"><subfield code="a">Newspaper 9098</subfield></datafield><datafield ind1="0" ind2=" " tag="130"><subfield code="a">World (New York, N.Y. : 1860 : Semiweekly)</subfield></datafield><datafield ind1="1" ind2="4" tag="245"><subfield code="a">The world.</subfield></datafield><datafield ind1=" " ind2=" " tag="250"><subfield code="a">Semi-weekly ed.</subfield></datafield><datafield ind1=" " ind2=" " tag="260"><subfield code="a">New-York [N.Y. :</subfield><subfield code="b">N.D. Bangs],</subfield><subfield code="c">1860-1881.</subfield></datafield><datafield ind1=" " ind2=" " tag="300"><subfield code="a">v. ;</subfield><subfield code="c">53-58 cm.</subfield></datafield><datafield ind1=" " ind2=" " tag="310"><subfield code="a">Semiweekly</subfield></datafield><datafield ind1="0" ind2=" " tag="362"><subfield code="a">Vol. 1, no. 1 (Aug. 21, 1860)-v. 22, no. 2188 (Aug. 19, 1881).</subfield></datafield><datafield ind1=" " ind2=" " tag="500"><subfield code="a">Independent.</subfield></datafield><datafield ind1=" " ind2=" " tag="580"><subfield code="a">Daily eds.: World (New York, N.Y. : 1860 : Daily); World and morning courier and New-York enquirer; World (New York, N.Y. : 1863).</subfield></datafield><datafield ind1=" " ind2=" " tag="580"><subfield code="a">Campaign ed.: World (New York, N.Y. : 1864).</subfield></datafield><datafield ind1=" " ind2="0" tag="651"><subfield code="a">New York (N.Y.)</subfield><subfield code="v">Newspapers.</subfield></datafield><datafield ind1=" " ind2="7" tag="655"><subfield code="a">Newspapers.</subfield><subfield code="2">fast</subfield><subfield code="0">(OCoLC)fst01423814</subfield></datafield><datafield ind1=" " ind2="7" tag="651"><subfield code="a">New York (State)</subfield><subfield code="z">New York.</subfield><subfield code="2">fast</subfield><subfield code="0">(OCoLC)fst01204333</subfield></datafield><datafield ind1=" " ind2=" " tag="752"><subfield code="a">United States</subfield><subfield code="b">New York</subfield><subfield code="c">New York</subfield><subfield code="d">New York.</subfield></datafield><datafield ind1="1" ind2=" " tag="775"><subfield code="t">World (New York, N.Y. : 1860 : Daily)</subfield><subfield code="w">(DLC)sn 83030182</subfield><subfield code="w">(OCoLC)9365085</subfield></datafield><datafield ind1="1" ind2=" " tag="775"><subfield code="t">World and morning courier and New-York enquirer</subfield><subfield code="w">(DLC)sn 83030183</subfield><subfield code="w">(OCoLC)9365175</subfield></datafield><datafield ind1="1" ind2=" " tag="775"><subfield code="t">World (New York, N.Y. : 1863)</subfield><subfield code="w">(DLC)sn 83030184</subfield><subfield code="w">(OCoLC)9365279</subfield></datafield><datafield ind1="0" ind2=" " tag="775"><subfield code="t">World (New York, N.Y. : 1860 : Weekly)</subfield><subfield code="w">(DLC)sn 83030181</subfield><subfield code="w">(OCoLC)9365473</subfield></datafield><datafield ind1="1" ind2=" " tag="775"><subfield code="t">World (New York, N.Y. : 1864)</subfield><subfield code="w">(DLC)sn 83030195</subfield><subfield code="w">(OCoLC)9368970</subfield></datafield><datafield ind1="0" ind2="5" tag="780"><subfield code="t">Semi-weekly courier and New-York enquirer</subfield><subfield code="g">1861</subfield><subfield code="w">(DLC)sn 88073087</subfield><subfield code="w">(OCoLC)20644152</subfield></datafield><datafield ind1="0" ind2="0" tag="785"><subfield code="t">New York world (New York, N.Y. : 1881 : Semiweekly)</subfield><subfield code="w">(DLC)sn 84045536</subfield><subfield code="w">(OCoLC)11509036</subfield></datafield><datafield ind1=" " ind2=" " tag="938"><subfield code="a">Kirtas Technologies, Inc.</subfield><subfield code="b">KRTS</subfield><subfield code="n">738929</subfield></datafield></record>